%% Except where otherwise noted, content in this documentation is Copyright (c)
%% 2022, RTE (http://www.rte-france.com) and licensed under a
%% CC-BY-4.0 (https://creativecommons.org/licenses/by/4.0/)
%% license. All rights reserved.

